@online{overleaf_biblatex,
    author = {Overleaf},
    title = {Bibliography management with biblatex},
    url = {https://www.overleaf.com/learn/latex/Bibliography_management_with_biblatex}
}

@online{pnn,
    author={Petar NiziÄ‡-Nikolac},
    title = {Sastavljanje predavanja},
    url = {https://www.overleaf.com/read/jmgfspbsfzkj}
}